2220 3785
697 148 1874 235 PRAEFATIO.

427 328 643 423 Quam
675 328 1000 398 editionem
1033 346 1152 393 non
1175 328 1374 394 minus
1394 319 1586 401 avide
1607 342 1797 414 quam
1819 339 2021 412 grate
2042 349 2146 398 re·
2204 300 2215 313 ³

405 441 642 521 -cepere
684 420 924 502 curiofi.
1036 420 1225 506 Nunc
1272 431 1484 486 autem
1530 415 1614 484 ab
1663 418 2144 506 incomparabili

429 533 625 608 atque
670 510 968 600 Indefeſjo
1016 513 1306 579 Naturae
1342 514 1727 578 Scrutatore
1761 507 1857 577 L1
1880 531 1923 578 N
1946 532 1990 579 N
2011 532 2146 581 AEo

424 610 726 703 prolatas
778 607 1172 675 Animalium
1213 607 1451 694 Species
1490 602 1663 676 haud
1707 602 2143 675 dubitavimus

427 702 637 785 eadem
658 700 888 788 forma
919 714 1116 790 atque
1147 714 1410 780 norma,
1457 719 1584 788 qua
1616 700 1762 765 mox
1804 696 2142 770 laudatam

423 797 579 867 editi
584 818 757 883 onem>
768 797 805 883 L
797 793 1102 882 sstematis
1118 794 1511 874 curavimus,
1527 790 1826 859 recudere
1845 814 1866 857 .·
1892 791 2139 860 Idcirco

422 915 497 960 ne
535 893 840 957 volumine
876 891 1055 955 nimis
1098 883 1476 974 excrefferet
1497 929 1518 963 ‚
1565 897 1760 975 atque
1794 897 1869 950 ut
1889 888 2139 975 prioris

420 986 706 1056 editionis
755 985 990 1071 Regnis
1052 978 1407 1068 Vegetabili
1450 978 1860 1068 Lapideoque
1909 976 2138 1066 adjun-

413 1083 485 1170 gi
523 1077 752 1167 posset,
821 1082 1259 1142 contraximus
1304 1076 1614 1141 materias
1647 1118 1671 1154 ,
1731 1074 2136 1139 enumeravi-

418 1193 669 1259 musque
724 1170 968 1260 aliquot
1034 1167 1235 1236 millia
1287 1168 1642 1255 Specierum
1677 1163 2076 1234 Animalium
2109 1212 2133 1248 ,

407 1262 646 1357 juniii<
687 1261 1164 1337 varietatibus,
1217 1260 1453 1328 additis
1483 1262 1698 1347 paucis
1743 1270 1820 1327 at
1849 1253 2133 1346 seleHisa

395 1360 575 1451 stmis
593 1355 976 1448 synonymis,
1028 1371 1133 1418 nec
1169 1371 1287 1416 non
1337 1350 1847 1443 dejcriptionibus
1883 1350 2134 1422 brevis·

398 1452 578 1546 fimis
607 1451 944 1519 Naturam
976 1441 1447 1531 illustrantibus
1461 1463 1488 1521 ,·
1530 1443 1911 1533 Seposuimus
1934 1464 2134 1528 vero,

414 1570 490 1616 ne
521 1547 701 1616 nimis
720 1541 1004 1609 volumen
1037 1535 1410 1632 incresceret
1428 1533 1922 1625 ,superficiaria
1939 1552 2136 1628 atque

413 1640 573 1711 alibi
589 1642 730 1731 jam
766 1636 1052 1724 allegata
1092 1634 1470 1720 Synonyma,
1507 1650 1613 1696 nec
1645 1649 1763 1695 non
1804 1648 1973 1698 nova
1991 1632 2138 1701 Tri-

414 1735 625 1804 vialia
645 1735 892 1800 nomina
926 1751 967 1796 a
1007 1724 1097 1793 Cl.
1139 1722 1430 1793 AuHore
1465 1724 1855 1812 excogitata.

510 1828 776 1896 Unicum
825 1821 1027 1891 adhuc
1065 1815 1226 1885 illud
1262 1818 1408 1886 Tibi
1452 1820 1533 1885 B.
1581 1818 1663 1883 L.
1703 1813 1988 1884 indicare
2029 1814 2132 1886 de-

403 1923 514 1993 beo
540 1942 566 2001 ,·
633 1916 778 2007 Post
809 1912 1065 2005 fingula
1098 1913 1486 1980 Animantia
1517 1933 1559 1978 a
1612 1909 1702 1978 Cl.
1742 1907 1842 1975 L1
1867 1929 1911 1976 N
1933 1928 2060 1978 NAE
2081 1899 2130 1977 ὀ

405 2038 515 2086 nec
544 2013 687 2082 dum
725 2010 866 2102 visa
898 2058 919 2090 ,
969 2020 1043 2075 ut
1075 2006 1366 2076 Naturae
1408 1999 1691 2094 Consulti
1727 2001 1819 2071 ad
1866 2025 1943 2072 ea
1975 2026 2130 2073 exa-

405 2107 708 2180 minanda
765 2108 1203 2174 incitarentur
1236 2151 1258 2186 ,
1323 2099 1613 2171 additum
1671 2091 1783 2188 eſje
1830 2095 1963 2169 tale
1999 2098 2131 2190 fig·

404 2226 576 2368 nurtsti
604 2203 833 2384 {tycia
881 2289 1058 2361 haud
1099 2294 1430 2382 ingratum
1480 2285 1753 2375 Cu7⁴i0fi5
1794 2282 2130 2377 ZOOPhylis

404 2416 498 2464 me
543 2385 900 2481 prcestitiffe
929 2383 1186 2472 fastum
1217 2387 1603 2476 percipiam,
1630 2379 1932 2470 stimulus
1974 2377 2128 2448 mihi·

401 2485 683 2558 addetur
732 2498 806 2549 ut
840 2486 905 2550 in
937 2479 1241 2570 posterum
1293 2497 1461 2545 nova
1501 2471 1746 2545 deteHa
1785 2473 1981 2543 denuo
2007 2486 2127 2564 pu·

406 2582 644 2649 blicem.
708 2580 897 2645 Hunc
931 2578 1140 2664 igitur
1181 2573 1679 2663 qualemcumque
1715 2567 1987 2637 libellum
2026 2566 2126 2634 be-

404 2672 622 2742 nevole
652 2674 926 2760 acccipe,
970 2690 1035 2738 eo
1078 2680 1263 2738 utere
1293 2679 1490 2757 atque
1501 2661 1782 2754 fruere,
1826 2659 1976 2732 vale
2008 2659 2121 2728 mi·

405 2767 591 2860 hique
607 2760 795 2854 fave.

1810 3307 2001 3384 Ordo.
2058 3331 2090 3388 1
2102 3342 2121 3382 ··
