2220 3785
167 236 171 242 '
206 245 1926 306 ‹wssoefficossoesxmssaffiffizmswffismsaoefflwssamffacoseffi

451 382 1689 469 INTROITUS.

235 598 247 605 x
268 560 291 581 ι’
415 552 694 615 ΔᾸΜΟΜΟ
730 550 867 588 mundi
904 549 1119 589 intraturus
1149 552 1344 590 theatrum
1373 553 1568 598 quaeritur
1599 554 1692 603 Quis
1723 556 1798 594 fit?
1829 554 1922 595 unde

367 630 405 659 ,νὴ
531 614 577 648 Q
600 602 726 637 ortus?
750 612 771 636 e
798 601 1004 639 stemmate
1030 604 1288 647 Creationis3
1319 608 1401 656 Quo
1423 607 1578 644 tendat?
1604 609 1653 642 ad
1678 607 1800 645 vitam
1827 609 1925 647 bea-

361 666 443 713 ”f
502 633 577 738 Q
601 663 704 696 tain3
727 653 831 701 Qui‘d
859 656 950 691 hic?
981 655 1125 691 intueri
1159 665 1366 700 naturam3
1393 658 1474 706 „Quo
1510 660 1686 695 munere?
1720 659 1923 699 curiosum

331 789 348 796 c
394 769 446 804 ’,

601 704 677 741 effe
711 706 958 751 similemque
991 706 1158 751 quidem
1193 707 1360 752 reliquis
1396 709 1663 746 animantibus
1695 710 1815 757 (quae
1845 723 1923 750 vo—

559 765 567 784 ἰ
601 767 687 793 rant
709 784 721 802 ,
753 757 892 794 ludunt
912 784 922 803 ‚
950 757 1137 804 pruriunt
1153 785 1166 805 ,
1188 768 1414 807 generant,
1451 759 1798 805 multiplicantur,
1828 764 1923 801 dor-

602 811 751 856 miunt,
779 811 995 846 commoda
1026 810 1177 847 stabula
1207 820 1390 857 quaerunt
1409 838 1421 857 ‚
1456 812 1651 860 proximis
1677 813 1734 850 sui
1763 816 1923 861 generis

604 861 856 908 inserviunt,
887 862 1011 899 vitam
1043 871 1235 910 tuentur,
1280 863 1481 909 sentiunt,
1521 865 1814 912 percipiunt,)
1850 867 1921 905 sed

318 925 323 926 ⁷
602 913 872 960 nobiliorem,
900 924 1040 960 utpote
1072 916 1138 962 qui
1175 915 1414 962 meditatur,
1442 916 1729 965 ratiocinatur,
1756 920 1922 958 miratur

198 966 409 1012 pulchrum
444 967 630 1013 sapientis
653 977 756 1014 opus
783 966 972 1004 Artificis.
1031 968 1065 1004 O
1091 978 1210 1014 quam
1244 978 1448 1005 contemta
1481 980 1544 1008 res
1579 970 1633 1007 est
1663 972 1817 1019 homo,
1849 972 1918 1011 niti

197 1017 318 1064 supra
342 1019 511 1057 humana
531 1019 571 1055 se
591 1019 786 1056 erexerit!
813 1019 916 1069 Quid
945 1019 1053 1056 enim
1072 1030 1156 1058 erat
1182 1021 1313 1057 curin
1340 1031 1510 1060 numero
1531 1023 1752 1061 viventium
1777 1025 1817 1061 se
1841 1035 1920 1071 pn·-

196 1070 309 1107 fitum
327 1073 544 1117 gauderet?
571 1082 620 1109 an
640 1082 682 1108 ut
703 1071 827 1110 Cibos
857 1074 891 1107 ἃ
916 1072 1108 1110 Potiones
1132 1075 1364 1119 percolaret
1384 1076 1402 1111 ἓ
1435 1084 1476 1111 ut
1516 1077 1593 1114 hoc
1629 1085 1779 1122 corpus
1804 1076 1917 1115 casu-

195 1132 286 1160 rum
313 1124 618 1170 periturumque
643 1123 832 1162 sarciret?
859 1134 946 1170 quae
973 1134 1080 1163 tanta
1105 1126 1308 1163 necessitas
1329 1126 1368 1162 in
1395 1125 1560 1164 fundum
1590 1128 1744 1166 telluris
1765 1128 1913 1167 intimae

195 1176 399 1213 hominem
435 1178 589 1223 mersit,
625 1185 666 1212 ut
693 1177 844 1215 oblitus
866 1177 1024 1215 dierum
1044 1205 1056 1221 ‚
1083 1177 1234 1215 oblitus
1256 1178 1430 1216 fortunae
1457 1180 1638 1217 melioris
1657 1208 1670 1226 ,
1696 1181 1745 1218 ab
1766 1181 1848 1219 hoc
1869 1182 1914 1220 se

197 1231 433 1266 averteret?
467 1230 566 1266 Puto
599 1237 741 1276 certe,
770 1231 918 1267 multos
952 1230 1000 1267 ad
1035 1230 1269 1276 sapientiam
1308 1240 1579 1276 perventuros
1599 1261 1610 1278 ‚
1637 1233 1701 1270 nifl
1725 1233 1914 1279 superbia

194 1291 346 1328 magnae
373 1281 545 1319 fortunae
568 1280 691 1319 infiati
711 1310 723 1330 ,
748 1281 943 1329 putassent
966 1283 1006 1320 se
1026 1282 1274 1330 perveniffe3
1300 1281 1459 1327 sapiens
1484 1284 1621 1330 utique
1649 1284 1704 1322 est
1723 1311 1737 1332 ,
1763 1286 1831 1332 qui
1860 1284 1912 1324 fi-

191 1343 266 1372 nes
291 1333 468 1381 respicit.

239 1437 343 1476 Finis
364 1437 592 1477 creationis
609 1439 749 1476 telluris
772 1436 820 1481 est
838 1427 959 1485 gloria
984 1434 1075 1472 DEI
1093 1447 1139 1471 ex
1154 1435 1270 1482 Opere
1290 1436 1454 1473 Naturae
1463 1447 1534 1486 per
1551 1434 1766 1474 Hominem
1776 1437 1911 1485 solum.

239 1542 370 1579 Tanto
407 1540 522 1589 igitur
554 1541 674 1587 magis
705 1538 812 1576 noffe
846 1537 1040 1582 Naturam
1074 1547 1202 1583 opere
1236 1537 1413 1584 pretium
1437 1566 1450 1586 ,
1477 1549 1559 1585 quo
1595 1542 1750 1578 nullum
1780 1542 1909 1587 majus

185 1594 268 1632 est!
297 1603 430 1637 neque
466 1592 571 1627 enim
594 1590 810 1633 quidquam
830 1588 947 1625 habet
975 1588 1015 1624 in
1041 1588 1082 1625 se
1108 1589 1222 1633 hujus
1247 1591 1423 1628 ma'teriae
1450 1590 1636 1629 trac‘tatio
1669 1595 1907 1645 pulchrius,

188 1656 279 1683 cum
302 1646 424 1681 multa
449 1645 600 1676 lateant
624 1639 756 1676 futura
775 1639 884 1684 usui,
912 1650 1032 1685 quam
1059 1642 1167 1686 quod
1195 1642 1401 1681 homiuem
1418 1643 1725 1691 Magnificentia
1742 1646 1811 1686 sua
1834 1649 1907 1687 de-

185 1698 318 1741 tinet,
346 1701 424 1730 nec
449 1690 662 1739 mercede,
690 1691 759 1730 sed
776 1691 973 1730 miraculo
1000 1692 1173 1732 colitur!

230 1798 362 1849 Quota
385 1794 492 1834 enim
523 1805 617 1843 pars
647 1795 785 1843 operis
805 1796 922 1834 Tanti
949 1796 1093 1835 nostris
1114 1796 1241 1837 oculis
1266 1797 1530 1838 committitur
1547 1827 1559 1847 ‚
1590 1793 1624 1837 ἃ
1651 1811 1770 1849 quam
1799 1798 1906 1842 mul·-

181 1861 222 1891 ta
240 1880 252 1899 ‚
278 1859 425 1898 praeter
449 1850 557 1896 haec,
585 1858 674 1895 quae
696 1848 869 1887 vidimus
887 1878 898 1896 ,
925 1848 966 1886 in
987 1850 1187 1889 secretum
1205 1860 1301 1888 eunt
1329 1863 1533 1897 nunquam
1564 1852 1745 1900 humanis
1766 1856 1902 1895 oeulis

178 1905 374 1947 orientia3
401 1911 534 1948 neque
553 1900 662 1937 enim
689 1901 823 1939 omnia
844 1903 954 1940 Deus
973 1904 1151 1942 humanis
1181 1903 1309 1941 oculis
1335 1913 1428 1940 nota
1446 1904 1557 1942 fecit.
1596 1905 1726 1944 Multa
1749 1909 1900 1947 etenim

178 1957 269 1996 sunt
282 1965 371 2003 quae
396 1955 470 1991 effe
489 1953 709 1992 audivimus
726 1982 738 2001 ,
766 1954 899 1999 qualia
920 1965 1053 1992 autem
1074 1957 1145 1994 lint
1168 1954 1394 2002 ignoramus
1414 1961 1420 1993 !
1449 1967 1651 2002 quamque
1678 1961 1801 1996 multa
1821 1961 1902 1998 hoc

175 2009 350 2058 primum
377 2006 641 2054 cognovimus
662 2006 818 2045 seculo!
839 2007 872 2043 St
894 2006 1058 2052 quidem
1078 2011 1201 2046 multa
1219 2008 1421 2046 venientis
1443 2008 1518 2046 aivi
1539 2012 1739 2057 populus,
1760 2015 1896 2058 ignota

177 2062 324 2109 nobis,
353 2059 470 2097 sciet!
498 2060 620 2096 multa
653 2059 796 2097 seculis
821 2070 916 2096 tunc
938 2059 1079 2098 futuris
1097 2089 1109 2104 ‚
1137 2071 1227 2098 cum
1255 2061 1449 2098 memoria
1476 2061 1602 2097 nostri
1633 2064 1897 2113 exoleverit,

175 2115 456 2157 reservantur3
482 2111 621 2148 veniet
642 2121 826 2158 tempus,
855 2123 934 2158 quo
960 2112 1030 2150 ista
1055 2123 1143 2159 quae
1167 2123 1276 2150 nunc
1302 2115 1456 2159 latent,
1485 2114 1522 2150 in
1549 2115 1684 2152 lucem
1713 2115 1798 2154 dies
1824 2128 1898 2154 ex-

175 2169 301 2206 trahat
324 2167 360 2204 &
384 2163 578 2210 longioris
603 2165 680 2202 aevi
710 2165 927 2211 diligentia.
964 2165 1118 2202 Rerum
1138 2165 1244 2203 enim
1263 2165 1416 2203 Natura
1438 2165 1546 2203 sacra
1580 2165 1646 2204 sua
1675 2178 1758 2206 non
1784 2169 1897 2209 simul

173 2221 312 2264 tradit;
340 2217 518 2256 initiatos
541 2227 622 2254 non
643 2219 864 2263 credimus,
894 2218 935 2255 in
957 2217 1159 2256 vestibulo
1179 2216 1265 2262 ejus
1291 2220 1510 2263 haeremus;
1537 2217 1607 2256 illa
1633 2229 1778 2258 arcana
1810 2232 1896 2260 non

174 2271 429 2321 promiscue,
457 2279 537 2306 non
558 2269 745 2308 omnihus
764 2270 927 2316 patent!
953 2270 1120 2310 reducta
1141 2272 1177 2310 δι
1200 2270 1389 2310 interiori
1417 2270 1593 2309 sacrario
1619 2273 1755 2312 clausa
1781 2272 1894 2322 sunt3

168 2325 352 2364 involuta
368 2320 518 2361 veritas
540 2320 581 2359 in
608 2324 689 2360 alto
717 2324 828 2362 latet.

223 2429 261 2467 Si
293 2428 333 2467 in
360 2430 438 2467 hoc
460 2430 655 2478 Juventus
684 2428 813 2468 sobria
840 2428 1096 2468 incumberet
1114 2427 1135 2478 <
1152 2426 1234 2478 *),
1260 2431 1339 2468 hoc
1363 2427 1544 2474 Maiores
1570 2429 1788 2475 docerent,
1815 2430 1893 2467 hoc

170 2483 357 2521 Minores
378 2482 648 2527 addiscerent,
669 2480 737 2519 vix
762 2479 894 2520 tamen
921 2484 968 2521 ad
987 2482 1156 2520 fundum
1176 2482 1384 2520 veniretur
1401 2510 1412 2527 ‚
1437 2483 1476 2520 in
1495 2492 1576 2528 quo
1596 2482 1746 2519 veritas
1762 2482 1890 2527 pofita

173 2537 228 2573 est
246 2564 258 2583 ,
279 2546 396 2582 quam
415 2545 523 2572 nunc
545 2534 584 2571 in
604 2534 754 2571 summa
773 2535 964 2581 Tellure,
996 2536 1030 2572 &
1051 2535 1133 2573 levi
1152 2545 1271 2573 manu
1297 2536 1528 2582 quaerimus.
1555 2534 1692 2579 Magni
1718 2533 1889 2573 omnino

171 2599 238 2626 res
262 2589 315 2625 est
335 2598 468 2624 rerum
488 2587 650 2624 Naturae
670 2588 842 2627 latebras
861 2589 1073 2626 dimovere
1086 2616 1097 2631 ,
1115 2597 1192 2624 nec
1210 2597 1444 2625 contentum
1464 2586 1668 2623 exteriore
1686 2583 1772 2630 ejus
1790 2594 1891 2624 con·

169 2640 309 2689 speetu
325 2668 338 2688 ,
363 2638 628 2687 introspicere
650 2640 686 2677 δι
707 2639 748 2677 in
771 2641 920 2679 Divina
949 2640 1104 2678 secreta
1133 2640 1397 2678 descendere.
1452 2640 1572 2675 Senec.

220 2744 367 2782 Intravi
393 2743 528 2791 itaque
557 2745 698 2783 densas
716 2744 1007 2791 umbrosasque
1026 2744 1187 2781 Naturae
1207 2742 1330 2789 sylvas
1346 2767 1358 2787 ,
1374 2739 1466 2777 hinc
1489 2739 1582 2778 inde
1607 2740 1819 2781 horrentes
1842 2754 1884 2782 a·

172 2795 367 2834 cutiffimis
397 2797 431 2833 δι
457 2797 621 2835 hamatis
646 2797 788 2843 spinis,
816 2797 965 2834 evitavi
995 2803 1192 2841 quotquot
1221 2793 1335 2830 licuit
1364 2792 1582 2839 plurimas,
1614 2802 1652 2831 at
1677 2795 1883 2834 neminem

169 2857 248 2889 tarn
270 2847 343 2883 effe
363 2848 699 2895 circumspecium
722 2850 866 2894 didici,
894 2848 1006 2890 cujus
1028 2857 1108 2882 nou
1126 2843 1324 2890 diligentia
1344 2845 1414 2882 fibi
1436 2844 1503 2892 ipli
1529 2845 1748 2892 aliquando
1768 2849 1882 2885 exci-

168 2905 256 2945 dat,
272 2898 446 2944 ideoque
464 2901 701 2945 ringentium
721 2902 951 2944 Satyrorum
979 2898 1218 2945 cachinnos,
1241 2897 1495 2942 humerisque
1522 2897 1760 2935 infilentium
1779 2899 1884 2937 fimi·

168 2957 328 2992 olorum
362 2951 657 2998 speculationes
682 2951 870 3000 sustinui,
887 2950 1020 2989 inceffi
1046 2950 1151 2990 viam
1174 2950 1210 2989 &
1227 2959 1348 2998 quem
1371 2950 1537 2988 dederat
1568 2950 1728 2989 cursum
1746 2950 1881 2991 fortu-

165 3017 216 3047 na
240 3001 391 3052 peregi·

1631 3088 1654 3144 1
1669 3086 1736 3140 M
1751 3086 1790 3141 P
1805 3085 1878 3141 E-

220 3293 283 3345 (*)
306 3295 435 3350 Confer
457 3298 594 3342 Wrm.
614 3297 864 3351 musspraefht.
883 3306 917 3338 1.
